<record><leader>00000cas a22000007a 4500</leader><controlfield tag="001">21894877</controlfield><controlfield tag="008">900621d19641979moucr ne      0    0eng d</controlfield><datafield ind1=" " ind2=" " tag="010"><subfield code="a">sn 90061963 </subfield></datafield><datafield ind1=" " ind2=" " tag="040"><subfield code="a">MQN</subfield><subfield code="b">eng</subfield><subfield code="c">MQN</subfield><subfield code="d">OCLCQ</subfield></datafield><datafield ind1=" " ind2=" " tag="042"><subfield code="a">msc</subfield></datafield><datafield ind1="0" ind2="4" tag="245"><subfield code="a">The Platte dispatch.</subfield></datafield><datafield ind1=" " ind2=" " tag="260"><subfield code="a">Parkville, Mo. :</subfield><subfield code="b">Clay County Pub. Co.,</subfield><subfield code="c">1964-1979.</subfield></datafield><datafield ind1=" " ind2=" " tag="300"><subfield code="a">v.</subfield></datafield><datafield ind1=" " ind2=" " tag="310"><subfield code="a">Semiweekly</subfield></datafield><datafield ind1="0" ind2=" " tag="362"><subfield code="a">Vol. 13, no. 28 (July 7, 1964)-v. 64, no. 93 (Aug. 31, 1979).</subfield></datafield><datafield ind1=" " ind2="4" tag="651"><subfield code="a">Platte County (Mo.)</subfield><subfield code="v">Newspapers.</subfield></datafield><datafield ind1=" " ind2=" " tag="752"><subfield code="a">United States</subfield><subfield code="b">Missouri</subfield><subfield code="c">Platte</subfield><subfield code="d">Parkville.</subfield></datafield><datafield ind1="0" ind2="0" tag="780"><subfield code="t">Platte County dispatch</subfield><subfield code="w">(DLC)sn 93060035</subfield></datafield><datafield ind1="0" ind2="0" tag="785"><subfield code="t">Platte dispatch-tribune</subfield><subfield code="w">(DLC)sn 90073056</subfield></datafield><datafield ind1="1" ind2=" " tag="029"><subfield code="a">AU@</subfield><subfield code="b">000025857401</subfield></datafield></record>